

@book{Wickett,
	Author = {Shelbie L. Wickett},
	Publisher = {Self-published},
	Title = {Heat transfer Lab Manual},
}
